<?xml version="1.0" encoding="UTF-8"?><collection xmlns="http://www.loc.gov/MARC21/slim"><record><leader>00667nam--2200193-i-4500</leader><controlfield tag="001">000013193</controlfield><controlfield tag="002">20161230</controlfield><controlfield tag="005">20161230201030</controlfield><controlfield tag="008">060222s1000------------r-----000-0-eng-d</controlfield><datafield ind1=" " ind2=" " tag="040"><subfield code="a">IFIN-HH</subfield></datafield><datafield ind1=" " ind2=" " tag="080"><subfield code="a">53:539(035.5)(083.5)</subfield></datafield><datafield ind1="1" ind2=" " tag="100"><subfield code="a">Jehn, H</subfield></datafield><datafield ind1="1" ind2="0" tag="245"><subfield code="a">ZAED GASES AND CARBON IN METALS. (THERMODYNAMICS, KINETICS AND PROPERTIES). PT.V: GROUP IV A METALS (1) TITANIUM (Ti))</subfield><subfield code="c">H. jehn, h. speck, e. fromm, g. horz</subfield></datafield><datafield ind1=" " ind2=" " tag="260"><subfield code="a">Eggenstein-leopoldshaften</subfield><subfield code="b">Zentralstelle Fur Atomkernenergie-dokumentation</subfield><subfield code="c">1979</subfield></datafield><datafield ind1=" " ind2=" " tag="300"><subfield code="a">78P</subfield></datafield><datafield ind1=" " ind2=" " tag="490"><subfield code="a">Physik Daten Physics Data 5-5 1979</subfield></datafield><datafield ind1="1" ind2=" " tag="700"><subfield code="a">Horz, G</subfield></datafield><datafield ind1=" " ind2=" " tag="852"><subfield code="a">47445</subfield><subfield code="c">53.081</subfield></datafield><datafield ind1=" " ind2=" " tag="CAT"><subfield code="a">Sys</subfield><subfield code="c">20160401</subfield><subfield code="h">121616</subfield></datafield></record></collection>